<record><leader>00000cas a22000007a 4500</leader><controlfield tag="001">17226889</controlfield><controlfield tag="008">871212d18651uuuiaudr ne      0    0eng d</controlfield><datafield ind1=" " ind2=" " tag="010"><subfield code="a">sn 87058561 </subfield></datafield><datafield ind1=" " ind2=" " tag="040"><subfield code="a">INP</subfield><subfield code="b">eng</subfield><subfield code="c">INP</subfield><subfield code="d">OCL</subfield><subfield code="d">OCLCQ</subfield></datafield><datafield ind1=" " ind2=" " tag="042"><subfield code="a">msc</subfield></datafield><datafield ind1="0" ind2=" " tag="130"><subfield code="a">Fair journal (Burlington, Iowa)</subfield></datafield><datafield ind1="1" ind2="4" tag="245"><subfield code="a">The fair journal.</subfield></datafield><datafield ind1="1" ind2="3" tag="246"><subfield code="a">Daily fair journal</subfield></datafield><datafield ind1=" " ind2=" " tag="260"><subfield code="a">Burlington [Iowa] :</subfield><subfield code="b">National Merchant Print. Co.,</subfield><subfield code="c">1865-</subfield></datafield><datafield ind1=" " ind2=" " tag="310"><subfield code="a">Daily</subfield></datafield><datafield ind1="0" ind2=" " tag="362"><subfield code="a">Vol. 1, no. 1 (Sept. 27, 1865)-</subfield></datafield><datafield ind1=" " ind2=" " tag="752"><subfield code="a">United States</subfield><subfield code="b">Iowa</subfield><subfield code="c">Des Moines</subfield><subfield code="d">Burlington.</subfield></datafield></record>